Plačiau apie šaltinių tipus ir jų atributus:
http://mirror.datacenter.by/pub/mirrors/CTAN/macros/latex/contrib/biblatex/doc/biblatex.pdf#subsection.2.1

@article{marksberry2014employee,
  title={The employee suggestion system: a new approach using latent semantic analysis},
  author={Marksberry, Phillip and Church, Joshua and Schmidt, Michael},
  journal={Human Factors and Ergonomics in Manufacturing \& Service Industries},
  volume={24},
  number={1},
  pages={29--39},
  year={2014},
  publisher={Wiley Online Library}
}


@article{rand1971objective,
  title={Objective criteria for the evaluation of clustering methods},
  author={Rand, William M},
  journal={Journal of the American Statistical association},
  volume={66},
  number={336},
  pages={846--850},
  year={1971},
  publisher={Taylor \& Francis Group}
}


@inproceedings{rosenberg2007v,
  title={V-measure: A conditional entropy-based external cluster evaluation measure},
  author={Rosenberg, Andrew and Hirschberg, Julia},
  booktitle={Proceedings of the 2007 joint conference on empirical methods in natural language processing and computational natural language learning (EMNLP-CoNLL)},
  year={2007}
}

@inproceedings{pennington2014glove,
  title={Glove: Global vectors for word representation},
  author={Pennington, Jeffrey and Socher, Richard and Manning, Christopher},
  booktitle={Proceedings of the 2014 conference on empirical methods in natural language processing (EMNLP)},
  pages={1532--1543},
  year={2014}
}


@article{mikolov2013efficient,
  title={Efficient estimation of word representations in vector space},
  author={Mikolov, Tomas and Chen, Kai and Corrado, Greg and Dean, Jeffrey},
  journal={arXiv preprint arXiv:1301.3781},
  year={2013}
}


@article{sparck1972statistical,
  title={A statistical interpretation of term specificity and its application in retrieval},
  author={Sparck Jones, Karen},
  journal={Journal of documentation},
  volume={28},
  number={1},
  pages={11--21},
  year={1972},
  publisher={MCB UP Ltd}
}


@inproceedings{baroni2004using,
  title={Using cooccurrence statistics and the Web to discover synonyms in a technical language.},
  author={Baroni, Marco and Bisi, Sabrina},
  booktitle={LREC},
  year={2004}
}


@article{utka2009davzninis,
  title={Da{\v{z}}ninis ra{\v{s}}ytin{\.e}s lietuvi{\k{u}} kalbos {\v{z}}odynas: 1 milijono {\v{z}}od{\v{z}}i{\k{u}} morfologi{\v{s}}kai anotuoto tekstyno pagrindu},
  author={Utka, Anrdius},
  journal={Kaunas: Vytauto Did{\v{z}}iojo universitetas},
  year={2009}
}


@article{campello2015hierarchical,
  title={Hierarchical density estimates for data clustering, visualization, and outlier detection},
  author={Campello, Ricardo JGB and Moulavi, Davoud and Zimek, Arthur and Sander, J{\"o}rg},
  journal={ACM Transactions on Knowledge Discovery from Data (TKDD)},
  volume={10},
  number={1},
  pages={5},
  year={2015},
  publisher={ACM}
}

@inproceedings{huang2008similarity,
  title={Similarity measures for text document clustering},
  author={Huang, Anna},
  booktitle={Proceedings of the sixth new zealand computer science research student conference (NZCSRSC2008), Christchurch, New Zealand},
  pages={49--56},
  year={2008}
}

@book{janssen2012cluster,
  title={Cluster analysis to understand socio-ecological systems: a guideline},
  author={Janssen, Peter and Walther, Carsten and L{\"u}deke, Matthias},
  year={2012},
  publisher={Potsdam-Institut f{\"u}r Klimafolgenforschung}
}


@inproceedings{ester1996density,
  title={A density-based algorithm for discovering clusters in large spatial databases with noise.},
  author={Ester, Martin and Kriegel, Hans-Peter and Sander, J{\"o}rg and Xu, Xiaowei and others},
  booktitle={Kdd},
  volume={96},
  number={34},
  pages={226--231},
  year={1996}
}

@inproceedings{larsen1999fast,
  title={Fast and effective text mining using linear-time document clustering},
  author={Larsen, Bjornar and Aone, Chinatsu},
  booktitle={Proceedings of the fifth ACM SIGKDD international conference on Knowledge discovery and data mining},
  pages={16--22},
  year={1999},
  organization={ACM}
}

@book{feldman2007text,
  title={The text mining handbook: advanced approaches in analyzing unstructured data},
  author={Feldman, Ronen and Sanger, James and others},
  year={2007},
  publisher={Cambridge university press}
}

@article{theodoridis2003feature,
  title={Feature selection},
  author={Theodoridis, Sergios and Koutroumbas, Konstantinos},
  journal={Pattern recognition},
  volume={5},
  pages={261--322},
  year={2003},
  publisher={chapter}
}

@article{sander1998density,
  title={Density-based clustering in spatial databases: The algorithm gdbscan and its applications},
  author={Sander, J{\"o}rg and Ester, Martin and Kriegel, Hans-Peter and Xu, Xiaowei},
  journal={Data mining and knowledge discovery},
  volume={2},
  number={2},
  pages={169--194},
  year={1998},
  publisher={Springer}
}


@article{defays1977efficient,
  title={An efficient algorithm for a complete link method},
  author={Defays, Daniel},
  journal={The Computer Journal},
  volume={20},
  number={4},
  pages={364--366},
  year={1977},
  publisher={Oxford University Press}
}

@article{sibson1973slink,
  title={SLINK: an optimally efficient algorithm for the single-link cluster method},
  author={Sibson, Robin},
  journal={The computer journal},
  volume={16},
  number={1},
  pages={30--34},
  year={1973},
  publisher={Oxford University Press}
}

@online{slaclc,
  author = {Christopher D. Manning, Prabhakar Raghavan and Hinrich Schütze},
  title = {Definition and examples of metric spaces},
  publisher={Cambridge University Press},
  year = {2008},
  url = {https://nlp.stanford.edu/IR-book/html/htmledition/single-link-and-complete-link-clustering-1.html},
}

@inproceedings{arthur2006slow,
  title={How slow is the k-means method?},
  author={Arthur, David and Vassilvitskii, Sergei},
  booktitle={Proceedings of the twenty-second annual symposium on Computational geometry},
  pages={144--153},
  year={2006},
  organization={ACM}
}

@inproceedings{arthur2007k,
  title={k-means++: The advantages of careful seeding},
  author={Arthur, David and Vassilvitskii, Sergei},
  booktitle={Proceedings of the eighteenth annual ACM-SIAM symposium on Discrete algorithms},
  pages={1027--1035},
  year={2007},
  organization={Society for Industrial and Applied Mathematics}
}

@article{wu2008top,
  title={Top 10 algorithms in data mining},
  author={Wu, Xindong and Kumar, Vipin and Quinlan, J Ross and Ghosh, Joydeep and Yang, Qiang and Motoda, Hiroshi and McLachlan, Geoffrey J and Ng, Angus and Liu, Bing and Philip, S Yu and others},
  journal={Knowledge and information systems},
  volume={14},
  number={1},
  pages={1--37},
  year={2008},
  publisher={Springer}
}

@article{jain1988algorithms,
  title={Algorithms for clustering data},
  author={Jain, Anil K and Dubes, Richard C},
  year={1988},
  publisher={Prentice-Hall, Inc.}
}

@article{karypis1999chameleon,
  title={Chameleon: Hierarchical clustering using dynamic modeling},
  author={Karypis, George and Han, Eui-Hong and Kumar, Vipin},
  journal={Computer},
  volume={32},
  number={8},
  pages={68--75},
  year={1999},
  publisher={IEEE}
}

@online{daeoms,
  author = {John O'Connor},
  title = {Definition and examples of metric spaces},
  year = 2004,
  url = {http://www-history.mcs.st-and.ac.uk/~john/MT4522/Lectures/L5.html},
}

@book{tan2007introduction,
  title={Introduction to data mining},
  author={Tan, Pang-Ning and others},
  year={2007},
  publisher={Pearson Education India}
}

@article{fayyad1996data,
  title={From data mining to knowledge discovery in databases},
  author={Fayyad, Usama and Piatetsky-Shapiro, Gregory and Smyth, Padhraic},
  journal={AI magazine},
  volume={17},
  number={3},
  pages={37},
  year={1996}
}

@article{dunn1973fuzzy,
  title={A fuzzy relative of the ISODATA process and its use in detecting compact well-separated clusters},
  author={Dunn, Joseph C},
  year={1973},
  publisher={Taylor \& Francis}
}

@inproceedings{hamerly2004learning,
  title={Learning the k in k-means},
  author={Hamerly, Greg and Elkan, Charles},
  booktitle={Advances in neural information processing systems},
  pages={281--288},
  year={2004}
}

@inproceedings{pelleg2000x,
  title={X-means: Extending k-means with efficient estimation of the number of clusters.},
  author={Pelleg, Dan and Moore, Andrew W and others},
  booktitle={Icml},
  volume={1},
  pages={727--734},
  year={2000}
}

@inproceedings{steinbach2000comparison,
  title={A comparison of document clustering techniques},
  author={Steinbach, Michael and Karypis, George and Kumar, Vipin and others},
  booktitle={KDD workshop on text mining},
  volume={400},
  number={1},
  pages={525--526},
  year={2000},
  organization={Boston}
}

@inproceedings{macqueen1967some,
  title={Some methods for classification and analysis of multivariate observations},
  author={MacQueen, James and others},
  booktitle={Proceedings of the fifth Berkeley symposium on mathematical statistics and probability},
  volume={1},
  number={14},
  pages={281--297},
  year={1967},
  organization={Oakland, CA, USA}
}

@phdthesis{piaseckiene2014statistiniai,
  title={Statistiniai metodai lietuvi{\k{u}} kalbos sud{\.e}tingumo analiz{\.e}je},
  author={Piaseckien{\.e}, Karolina},
  year={2014},
  school={Vilnius University}
}

@article{alelyani2013feature,
  title={Feature Selection for Clustering: A Review.},
  author={Alelyani, Salem and Tang, Jiliang and Liu, Huan},
  journal={Data Clustering: Algorithms and Applications},
  volume={29},
  pages={110--121},
  year={2013}
}

@article{luhn1957statistical,
  title={A statistical approach to mechanized encoding and searching of literary information},
  author={Luhn, Hans Peter},
  journal={IBM Journal of research and development},
  volume={1},
  number={4},
  pages={309--317},
  year={1957},
  publisher={IBM}
}
@article{mugunthadevi2011survey,
  title={Survey on feature selection in document clustering},
  author={Mugunthadevi, K and Punitha, SC and Punithavalli, M}
}

@incollection{oikonomakou2005review,
  title={A review of web document clustering approaches},
  author={Oikonomakou, Nora and Vazirgiannis, Michalis},
  booktitle={Data mining and knowledge discovery handbook},
  pages={921--943},
  year={2005},
  publisher={Springer}
}

@inproceedings{kadhim2014text,
    title={Text Document Preprocessing and Dimension Reduction Techniques for Text Document Clustering},
    author={Kadhim, Ammar Ismael and Cheah, Yu-N and Ahamed, Nurul Hashimah},
	booktitle={Artificial Intelligence with Applications in Engineering and Technology (ICAIET), 2014 4th International Conference on},
	pages={69--73},
	year={2014},
	organization={IEEE}
}
@article{jajoo2008document,
  title={Document clustering},
  author={Jajoo, Pankaj},
  journal={IIT Kharagpur, Thesis},
  year={2008}
}
@book{larose2006data,
	title={Data mining methods \& models},
	author={Larose, Daniel T},
	year={2006},
	publisher={John Wiley \& Sons}
}

@article{PvzStraipsnLt,
    author={A. Pavardenis and B. Pavardonis and C. Pavardauskas},
    title={Straipsnio pavadinimas},
    journal={Žurnalo pavadinimas},
    year={2001},
    volume={IV},
    pages={8-17},
} 

@article{PvzStraipsnEn,
    author={A. Surname and B. Tsurname and C. Usurname},
    title={Article Title},
    journal={Journal Title},
    year={2001},
    volume={IV},
    pages={3-15},
    langid={english},
} 

@inproceedings{PvzKonfLt,
    author={A. Pavardenis and B. Pavardonis and C. Pavardauskas and D. Pavardinskas},
    title={Straipsnio pavadinimas},
    booktitle={Rinkinio pavadinimas},
    year={2002},
    publisher={Leidykla},
    address={Miestas, šalis},
    pages={3-15},
}

@inproceedings{PvzKonfEn,
    author={A. Surname and B. Tsurname and C. Usurname and D. Vsurname},
    title={Article title},
    booktitle={Conference book title},
    year={2002},
    publisher={Publisher},
    address={City, country},
    pages={3-15},
    langid={english},
}

@book{PvzKnygLt,  
    author={A. Pavardenis and B. Pavardonis and C. Pavardauskas},
    title={Knygos pavadinimas},
    publisher={Leidykla},
    year={2003},
    address={Miestas, šalis},
    note={172 psl.},
}

@book{PvzKnygEn,  
    author={A. Surname and B. Tsurname and C. Usurname},
    title={Book title},
    publisher={Publisher},
    year={2003},
    address={City, country},
    note={172 p.},
    langid={english},
}

@misc{PvzElPubLt,
    author={A. Pavardenis and B. Pavardonis and C. Pavardauskas},
    title={Elektroninės publikacijos pavadinimas},
    howpublished={\url{http://example.com/kelias/iki/straipsnio.pdf}},
    year={2004}, 
    note={45 KB, tikrinta 2015-02-01},
}

@misc{PvzElPubEn,
    author={A. Surname and B. Tsurname and C. Usurname},
    title={Online Publication Title},
    howpublished={\url{http://example.com/path/to/the/article.pdf}},
    year={2004}, 
    note={45 KB, accessed 2015-02-01.},
    langid={english},
}

@mastersthesis{PvzMagistrLt,
    author={A. Pavardonis},
    title={Magistrinio darbo pavadinimas},
    school={Universiteto pavadinimas},
    year={2005},
}

@phdthesis{PvzPhdEn,
    author={A. Surname},
    title={Ttitle fo PhD thesis},
    school={Title of university},
    year={2005},
    langid={english},
}
